@InProceedings{tosunicme2000,
  author = 	 {Tosun, Ali \c{S}aman and Feng, Wu-chi},
  title = 	 {Efficient Multi-layer Coding and Encryption of MPEG Video Streams},
  booktitle = 	 {IEEE International Conference on Multimedia and Expo},
  OPTcrossref =  {},
  OPTkey = 	 {},
  pages = 	 {119-122},
  year = 	 {2000},
  OPTeditor = 	 {},
  OPTvolume = 	 {},
  OPTnumber = 	 {},
  OPTseries = 	 {},
  OPTaddress = 	 {},
  month = 	 {August},
  OPTorganization = {},
  OPTpublisher = {},
  OPTnote = 	 {},
  OPTannote = 	 {}
}

@InProceedings{tosuncikm2002,
  author = 	 {Tosun, Ali \c{S}aman and Fenhatosmanoglu, Hakan},
  title = 	 {Vulnerabilities in Similarity Search Based Systems},
  booktitle = 	 {$11^{th}$ International Conference
on Information and Knowledge Management},
  OPTcrossref =  {},
  OPTkey = 	 {},
  pages = 	 {110-117},
  year = 	 {2002},
  OPTeditor = 	 {},
  OPTvolume = 	 {},
  OPTnumber = 	 {},
  OPTseries = 	 {},
  OPTaddress = 	 {},
  month = 	 {November},
  OPTorganization = {},
  OPTpublisher = {},
  OPTnote = 	 {},
  OPTannote = 	 {}
}

@InProceedings{tosunitcc2001,
  author = 	 {Tosun, Ali \c{S}aman and Feng, Wu-chi},
  title = 	 {Light-weight Security Mechanisms for Wireless Video Transmission},
  booktitle = 	 {International Conference on Information Technology: Coding amd Computing},
  OPTcrossref =  {},
  OPTkey = 	 {},
  pages = 	 {157-161},
  year = 	 {2001},
  OPTeditor = 	 {},
  OPTvolume = 	 {},
  OPTnumber = 	 {},
  OPTseries = 	 {},
  OPTaddress = 	 {},
  month = 	 {April},
  OPTorganization = {},
  OPTpublisher = {},
  OPTnote = 	 {},
  OPTannote = 	 {}
}


@InProceedings{tosunMM01,
  author = 	 {Tosun, Ali \c{S}aman and Feng, Wu-chi},
  title = 	 {On Error Preserving Encryption Algorithms for Wireless Video Transmission},
  booktitle = 	 {ACM Multimedia Conference},
  OPTcrossref =  {},
  OPTkey = 	 {},
  pages = 	 {302-308},
  year = 	 {2001},
  OPTeditor = 	 {},
  OPTvolume = 	 {},
  OPTnumber = 	 {},
  OPTseries = 	 {},
  OPTaddress = 	 {},
  month = 	 {October},
  OPTorganization = {},
  OPTpublisher = {},
  OPTnote = 	 {},
  OPTannote = 	 {}
}


@ONLINE{Microsoft1,
author = {Microsoft Technet},
title = {Transmission Control Protocol},
year = {2013},
howpublished ="\url{http://technet.microsoft.com/en-us/library/cc940037.aspx}"
}

@ONLINE{Scapy,
author = {},
title = {Scapy},
year = {2013},
howpublished ="\url{http://www.secdev.org/projects/scapy/}"
}

@ONLINE{Python,
author = {},
title = {Python Programming Language - Official Website},
year = {2013},
howpublished ="\url{http://www.python.org}"
}

@ONLINE{Rouse07,
author = {Margaret Rouse},
title = {Time-to-live(TTL)},
year = {2007},
howpublished ="\url{http://searchnetworking.techtarget.com/definition/time-to-live}"
}

@ONLINE{Cisco1,
author = {},
title = {Troubleshooting TCP/IP},
year = {2013},
howpublished ="\url{http://www.cisco.com/en/US/docs/internetworking/troubleshooting/guide/tr1907.html}"
}

@INPROCEEDINGS{KBK06,
author = {Robert Kraut, Malcolm Brynin, Sara Kiesler},
title = {The Internet and Social Relationships},
booktitle = {Computers, Phones, and the Internet},
publisher = {Oxford University Press},
year = 2006,
address = {New York}
}

@BOOK{Cole02,
author = {Eric Cole},
title = {Hackers Beware},
publisher = {New Riders Publishing},
year = 2002
}

@ONLINE{OSVDB1,
author = {},
title = {Open Sourced Vulnerability Database},
year = {2013},
howpublished ="\url{http://osvdb.org/}"
}

@ONLINE{Metasploit1,
author = {},
title = {Metasploit},
year = {2013},
howpublished ="\url{http://www.metasploit.com/}"
}

@ONLINE{Metasploit1,
author = {},
title = {Metasploit},
year = {2013},
howpublished ="\url{http://www.metasploit.com/}"
}

@ONLINE{Rouse12,
author = {Margaret Rouse},
title = {Passive Reconnaissance},
year = 2012,
howpublished = "\url{http://whatis.techtarget.com/definition/passive-reconnaissance}"
}

