@InProceedings{tosunicme2000,
  author = 	 {Tosun, Ali \c{S}aman and Feng, Wu-chi},
  title = 	 {Efficient Multi-layer Coding and Encryption of MPEG Video Streams},
  booktitle = 	 {IEEE International Conference on Multimedia and Expo},
  OPTcrossref =  {},
  OPTkey = 	 {},
  pages = 	 {119-122},
  year = 	 {2000},
  OPTeditor = 	 {},
  OPTvolume = 	 {},
  OPTnumber = 	 {},
  OPTseries = 	 {},
  OPTaddress = 	 {},
  month = 	 {August},
  OPTorganization = {},
  OPTpublisher = {},
  OPTnote = 	 {},
  OPTannote = 	 {}
}

@InProceedings{tosuncikm2002,
  author = 	 {Tosun, Ali \c{S}aman and Fenhatosmanoglu, Hakan},
  title = 	 {Vulnerabilities in Similarity Search Based Systems},
  booktitle = 	 {$11^{th}$ International Conference
on Information and Knowledge Management},
  OPTcrossref =  {},
  OPTkey = 	 {},
  pages = 	 {110-117},
  year = 	 {2002},
  OPTeditor = 	 {},
  OPTvolume = 	 {},
  OPTnumber = 	 {},
  OPTseries = 	 {},
  OPTaddress = 	 {},
  month = 	 {November},
  OPTorganization = {},
  OPTpublisher = {},
  OPTnote = 	 {},
  OPTannote = 	 {}
}

@InProceedings{tosunitcc2001,
  author = 	 {Tosun, Ali \c{S}aman and Feng, Wu-chi},
  title = 	 {Light-weight Security Mechanisms for Wireless Video Transmission},
  booktitle = 	 {International Conference on Information Technology: Coding amd Computing},
  OPTcrossref =  {},
  OPTkey = 	 {},
  pages = 	 {157-161},
  year = 	 {2001},
  OPTeditor = 	 {},
  OPTvolume = 	 {},
  OPTnumber = 	 {},
  OPTseries = 	 {},
  OPTaddress = 	 {},
  month = 	 {April},
  OPTorganization = {},
  OPTpublisher = {},
  OPTnote = 	 {},
  OPTannote = 	 {}
}


@InProceedings{tosunMM01,
  author = 	 {Tosun, Ali \c{S}aman and Feng, Wu-chi},
  title = 	 {On Error Preserving Encryption Algorithms for Wireless Video Transmission},
  booktitle = 	 {ACM Multimedia Conference},
  OPTcrossref =  {},
  OPTkey = 	 {},
  pages = 	 {302-308},
  year = 	 {2001},
  OPTeditor = 	 {},
  OPTvolume = 	 {},
  OPTnumber = 	 {},
  OPTseries = 	 {},
  OPTaddress = 	 {},
  month = 	 {October},
  OPTorganization = {},
  OPTpublisher = {},
  OPTnote = 	 {},
  OPTannote = 	 {}
}

